2309 3875
381 261 904 332 CATILINA.
990 260 1199 330 CAP.
1242 258 1531 337 xxxl,
1616 286 1702 349 47

207 434 461 508 :emtus
501 438 700 515 foret,
762 439 828 501 in
871 433 1180 501 Senatum
1227 430 1423 496 venit.
1532 432 1699 497 Tum

201 552 294 618 Μ.
321 550 576 617 Tullius
622 549 892 622 Consul,
947 544 1078 612 fiue
1115 545 1523 629 praesentiam
1565 546 1707 610 eius
1724 566 1966 612 cicerone:

203 665 473 741 timens,
527 665 638 729 seu
679 664 772 726 ira
809 669 1163 725 commotus
1209 659 1555 721 orationem
1596 645 1983 722 hag-meam.

202 777 339 841 buit
380 778 775 841 luculentam
815 784 1006 857 atque
1038 774 1257 839 vtilem
1294 772 1706 855 reipublic-aee

199 908 396 976 quam
441 890 656 971 postea
708 885 990 972 scriptam
1035 887 1253 952 edidit.
1367 882 1491 949 Sed
1517 930 1538 963 ,
1596 888 1704 953 vbi

198 1002 314 1067 ille
354 1000 626 1076 adsedit,
682 1000 984 1078 Catilina,
1041 1011 1109 1068 vt
1151 1007 1289 1064 erat
1329 1010 1583 1083 paratus
1620 1002 1703 1065 ad

199 1112 638 1179 diffimulanda
675 1115 917 1205 omnia,
959 1110 1215 1179 demisso
1264 1115 1445 1181 voltu
1470 1156 1491 1189 ,
1548 1136 1705 1181 voce

199 1228 466 1313 supplici
499 1227 804 1310 postulare
823 1271 843 1302 ,
897 1270 940 1304 „
981 1229 1197 1293 Patres
1238 1225 1577 1311 Conscripti
1623 1248 1961 1299 nec-aeruna·

201 1342 360 1425 quid
407 1342 485 1406 de
531 1339 593 1404 se
639 1349 875 1405 temere
917 1341 1285 1407 crederent:
1347 1360 1423 1405 ea
1465 1339 1705 1409 familia
1726 1325 1981 1385 R‘sW'ffi'

204 1464 451 1529 ortum,
491 1454 582 1518 ita
614 1453 693 1516 ab
721 1452 1137 1517 adolescentia
1178 1453 1375 1517 vitam
1411 1454 1710 1521 instituis-

203 1568 286 1643 se,
328 1577 395 1632 vt
431 1568 643 1632 omnia
685 1566 849 1631 bona
887 1566 955 1628 in
991 1564 1095 1650 spe
1133 1565 1429 1645 haberetz
1486 1587 1566 1631 ne
1600 1585 1708 1632 ae-

203 1681 567 1755 stumarent,
613 1677 722 1744 fibi
768 1680 1024 1764 patricio
1067 1679 1327 1756 homini,
1387 1680 1572 1743 cuius
1610 1682 1705 1763 ip-

203 1792 373 1868 fiuS,
415 1804 610 1877 atque
645 1795 949 1857 maiorum
983 1794 1250 1877 plurima
1285 1792 1595 1859 beneficia
1638 1794 1705 1857 in

205 1906 452 1994 plebem
480 1904 824 1971 Romanam
857 1903 1086 1982 effent,
1147 1908 1389 1990 perdita
1432 1906 1707 1992 republi-

207 2038 281 2084 ca
323 2039 482 2102 opus
522 2015 663 2094 esse,
705 2037 908 2102 quum
951 2037 1090 2082 eam
1123 2020 1395 2086 seruaret
1430 2021 1518 2090 M.
1542 2021 1707 2086 Tul-

206 2135 332 2200 lius
371 2133 717 2215 inquilinus
761 2134 920 2196 ciuis
960 2133 1127 2197 vrbis
1172 2134 1429 2207 Romae,
1469 2177 1514 2208 ,‚
1596 2135 1705 2202 Ad

207 2246 328 2310 hoc
364 2241 697 2309 maledicta
730 2247 850 2308 alia
881 2265 1080 2328 quum
1113 2244 1411 2322 adderet;
1474 2246 1708 2312 obstre-

209 2377 360 2443 pere
398 2376 653 2431 omneS,
709 2357 942 2424 hostem
978 2370 1169 2443 atque
1198 2358 1563 2441 parricidam
1599 2379 1712 2440 vo-

213 2489 378 2536 care.
481 2469 654 2534 Tum
682 2470 794 2534 ille
824 2471 1241 2541 furibundusz
1328 2517 1370 2551 „
1394 2472 1712 2549 Quoniam

211 2583 472 2668 quidem
513 2584 1009 2659 circumuentus,
1053 2585 1285 2670 inquit,
1329 2587 1407 2650 ab
1446 2588 1714 2652 inimicis

209 2715 503 2782 praeceps
530 2715 704 2778 agor,
747 2695 1114 2764 incendium
1143 2719 1357 2764 meum
1393 2701 1577 2764 ruina
1612 2721 1715 2765 re-

215 2811 548 2892 stinguam.

371 2921 701 3019 XXXII.
787 2923 952 2988 Dein
996 2924 1058 2989 se
1103 2947 1184 2992 ex
1230 2928 1406 2994 curia
1460 2925 1711 2991 domum
1735 2962 1891 3008 Vasta
1914 2963 1997 3006 ca-

214 3017 563 3118 proripuit,
619 3037 707 3102 ibi
747 3039 950 3104 multa
993 3039 1204 3104 secum
1250 3041 1375 3124 ipse
1419 3040 1681 3104 voluens
1693 3035 1881 3117 ,Η
1880 3112 1890 3122 ,

217 3146 388 3229 quod
437 3164 637 3228 neque
680 3149 934 3218 infidiae
964 3151 1215 3217 Consuli
1259 3152 1716 3237 procedebant,
1733 3111 1943 3171 σφω’

223 3257 290 3320 &
337 3257 415 3322 ab
455 3257 747 3324 incendio
794 3263 1193 3349 intelligebat
1232 3266 1449 3330 vrbem
1487 3266 1720 3350 vigiliis

225 3373 556 3452 munitam,
599 3365 925 3454 op'tumum
956 3378 1193 3447 factum
1226 3351 1507 3458 credens,
1538 3399 1715 3445 exet-
