2309 3875
344 305 919 380 IVGVRTHA.
1007 300 1219 372 CAP.
1243 300 1514 379 XL-VI.
1605 326 1734 393 147

216 494 398 569 gatos
424 484 519 565 sad
564 482 889 549 consulem
937 500 1083 545 cum
1129 478 1449 564 suppliciis
1489 468 1687 547 mittit
1709 526 1729 557 ,
1751 490 1998 549 sagma,

215 600 325 683 qui
360 598 801 663 tantummodo
841 594 955 681 ipfi
1000 594 1340 677 liberisque
1383 592 1581 661 vitam
1617 614 1729 679 pe,
1746 563 2018 694 ,Ζῖἕέἶεὲι

213 720 447 789 terent,
492 712 619 776 alia
654 711 869 775 omnia
898 708 1208 787 dederent
1235 710 1464 793 populo
1493 709 1724 775 Roma·
1747 717 1935 769 legatos
1955 722 2026 764 aa

212 845 316 891 no.
419 824 543 889 Sed
564 822 840 889 'Metello
882 824 1009 887 iam
1048 831 1235 886 antea
1275 822 1725 905 experimentis
1746 794 1997 921 Ξζζῖω

208 938 537 1021 cognitum
571 946 707 1003 erat
737 954 943 1023 genus
974 936 1397 1002 Numidarum
1428 936 1723 1016 infidum,

210 1052 471 1135 ingenio
513 1052 766 1129 mobili,
828 1065 1137 1117 nouarum
1179 1070 1393 1119 rerum
1437 1052 1722 1120 auidum.

208 1164 439 1249 Itaque
484 1167 726 1251 legatos
769 1168 963 1233 alium
1004 1166 1083 1242 ab
1125 1165 1251 1229 alio
1291 1166 1568 1231 diuersos
1607 1168 1722 1233 ad-

205 1279 533 1363 greditur-3
577 1301 651 1345 ac
679 1281 1008 1364 paullatim
1036 1276 1364 1357 te'nt'ando,
1393 1282 1720 1366 postquam

204 1402 589 1475 opportunos
614 1394 937 1476 cognouit,
961 1396 1167 1458 multa
1193 1393 1548 1477 'pollicendo
1575 1415 1720 1477 per-

202 1504 425 1571 suadet
449 1552 471 1585 ,
541 1508 635 1572 vti
674 1506 1056 1591 Iugurtham
1106 1527 1403 1571 maxume
1449 1509 1722 1585 viuum,

200 1618 295 1684 fin
331 1620 399 1684 id
440 1638 664 1705 parum
692 1622 1039 1705 procedat,
1097 1630 1395 1685 necatum
1435 1619 1548 1685 fibi
1584 1631 1720 1686 tra-

204 1734 429 1800 derent
449 1755 473 1803 t
542 1745 831 1801 ceterum
870 1737 1076 1819 palam
1096 1780 1114 1809 ,
1171 1754 1337 1819 quae
1374 1756 1454 1799 ex
1485 1721 1720 1805 volun-

203 1854 337 1913 tate
372 1848 615 1924 forent,
673 1850 811 1932 regi
842 1849 1135 1914 nunciari
1167 1849 1363 1915 iubet.
1467 1848 1718 1915 Deinde

170 1962 330 2048 ipse
372 1963 593 2046 paucis
634 1963 863 2027 diebus
885 2009 906 2040 ,
961 1966 1209 2029 intento
1253 1971 1445 2050 atque
1490 1963 1718 2030 infesto

201 2078 509 2154 exercitu,
541 2079 611 2141 in
637 2077 1011 2142 Numidiam
1044 2079 1364 2162 procedite
1406 2078 1533 2154 vbi,
1561 2097 1716 2142 con-

196 2199 297 2258 tra
338 2191 491 2256 belli
528 2189 793 2268 faciem,
836 2193 1091 2275 tuguria
1134 2193 1322 2274 plena
1364 2192 1716 2268 hominum,

200 2323 427 2390 pecora
452 2307 861 2387 cultoresque
888 2305 955 2367 in
980 2305 1187 2388 agrist
1261 2327 1341 2370 ex
1369 2304 1612 2389 oppidis
1641 2301 1714 2368 ὅτ

201 2416 554 2501 mapalibus
594 2415 894 2503 praefecti
938 2419 1135 2502 Regis
1188 2419 1366 2484 obuii
1410 2409 1715 2504 procede-

201 2532 379 2610 bant,
412 2532 631 2616 parati,
659 2531 1057 2599 frumentum
1086 2533 1260 2610 dare,
1294 2544 1718 2602 commeatum

196 2657 469 2732 portare,
514 2646 821 2732 postremo
853 2645 1087 2721 omnia,
1126 2667 1292 2731 quae
1327 2649 1719 2732 imperaren-

199 2769 330 2838 tur,
372 2759 598 2828 facere.
702 2759 931 2843 Neque
970 2760 1276 2826 Metellus
1317 2763 1550 2827 idcirco
1592 2760 1715 2825 mi·
1731 2780 1916 2828 Metam

201 2895 350 2972 nus,
390 2875 493 2943 sed
528 2875 783 2966 pariter,
825 2891 899 2937 ac
924 2871 975 2936 fi
1001 2872 1206 2941 hostes
1235 2873 1538 2951 adeffent,
1571 2893 1714 2938 mu·
1731 2852 1998 2979 maz&

200 2992 343 3058 nito
377 2995 628 3073 agmine
661 2987 997 3073 incedere,
1054 2988 1189 3056 late
1221 2989 1546 3074 explorare
1578 3008 1718 3053 om-
1979 2982 1987 2996 ”

197 3103 355 3184 nia,
392 3105 501 3169 illa
538 3103 876 3172 deditionis
910 3101 1085 3190 figna
1120 3103 1395 3172 ostentui
1423 3103 1727 3182 credere,-

200 3219 273 3287 &
302 3217 543 3286 infidiis
565 3213 779 3284 locum
805 3229 1074 3288 tentare.
1161 3218 1390 3306 Itaque
1415 3218 1542 3305 ipse
1567 3235 1718 3284 cum

196 3335 517 3422 expeditis
556 3331 950 3413 cohortibus,
1005 3336 1163 3400 item
1201 3333 1604 3400 funditorum
1643 3329 1718 3397 δε
1838 3379 1844 3384 -

194 3447 667 3538 sagittariorum
721 3447 953 3518 dilecta
1008 3465 1206 3514 manu
1261 3447 1434 3534 apud
1467 3447 1718 3534 'primos
1799 3463 1808 3474 ’

858 3560 921 3632 K
956 3582 999 3632 2
