2309 3875
460 274 545 343 14
891 249 963 322 C.
1003 244 1553 335 SALLVSTII
1696 279 1700 283 -

458 428 602 511 bus
663 439 1122 530 excerperet:
1209 427 1420 502 cuius
1482 424 1590 501 rei
1644 423 2059 507 ‘meminere

460 610 836 709 Augustus
890 610 1090 708 apud
1131 602 1639 709 Tranquillum
1692 604 1770 683 in
1811 567 2061 683 eiasce

465 789 792 875 Caesaris
824 766 1019 877 vita,
1065 784 1407 889 idemque
1432 784 1903 888 Tranquillus
1932 780 2059 864 lib.

465 975 558 1051 de
600 969 823 1049 claris
867 967 1396 1049 Grammaticis
1437 969 1515 1045 in
1557 970 1715 1048 vita
1754 965 2067 1059 Lenaei,-

465 1154 544 1237 &
568 1152 842 1233 Fabius
888 1174 984 1229 ex
1023 1150 1327 1251 antiquo
1362 1144 1897 1252 epigrammate
1933 1145 2065 1229 lib.

465 1335 644 1423 VIII
707 1358 869 1435 cap.
915 1360 983 1433 3.
1100 1331 1249 1409 Sed
1282 1330 1475 1453 haec
1519 1303 2068 1431 impedire⁸non
2174 1302 2181 1308 ⁶

467 1530 766 1623 potuere
781 1569 806 1608 ,
855 1536 1006 1615 quo
1031 1513 1279 1594 minus
1305 1537 1352 1592 a
1374 1510 1630 1591 Tacito
1671 1516 1811 1607 (at
1832 1531 2071 1614 quan-⁶

468 1712 552 1779 to
589 1696 861 1794 viroi)
907 1720 1135 1775 rerum
1175 1694 1647 1772 Romanarum
1683 1694 2077 1801 florentiffl-

468 1906 619 1978 mus
653 1872 894 1957 aanor
931 1876 1058 1955 lib.
1096 1873 1203 1956 III
1276 1873 1757 1959 Historiarum
1797 1878 2075 1962 dicere·-

469 2073 617 2142 tur.
759 2061 922 2138 Imo
976 2059 1190 2137 iuxta·
1235 2059 1659 2138 Martialem
1706 2057 1847 2142 lib.
1893 2064 2075 2150 XIV

477 2240 761 2344 Crispus
797 2239 1120 2320 Romoena
1168 2242 1443 2341 primus
1495 2243 1569 2318 in
1616 2243 1917 2346 Historia
1964 2248 2075 2349 est.

472 2423 887 2523 Augustino
914 2443 1203 2524 quoque
1230 2393 1479 2512 lib-de
1497 2417 1673 2508 Vita
1702 2426 1920 2507 beata
1945 2448 2077 2508 vo·

473 2618 688 2686 catur
710 2600 1101 2710 elefflffimus
1116 2600 1443 2708 pensator
1467 2607 1839 2687 verborum.
1888 2610 2079 2688 ·Imo

479 2788 746 2868 Graeci
787 2787 811 2864 i
817 2787 918 2890 pii
957 2787 1120 2866 eius·
1182 2786 1545 2868 Historias
1584 2789 1775 2868 tanti
1816 2790 2081 2888 fecere,

478 2981 569 3052 Vt
605 2992 734 3047 eas
777 2970 1082 3048 verterit
1117 2969 1486 3050 Zenobius
1507 3024 1533 3062 ,
1594 2969 1929 3073 Sophista
1964 2975 2032 3054 is
2052 3028 2081 3066 ,
2146 2939 2151 2942 Ι

481 3149 615 3251 qui
641 3151 926 3230 Romae
953 3150 1207 3230 docuit
1228 3152 1355 3230 sub
1380 3152 1715 3233 Adriano
1732 3154 2083 3253 Caesare3
2230 3251 2239 3256 ‚

484 3332 764 3436 quique
799 3334 1169 3437 epitomen
1196 3338 1744 3439 prouerbiorum
1778 3336 2087 3438 Didymi
