<?xml version="1.0" encoding="UTF-8"?>
<!DOCTYPE html PUBLIC "-//W3C//DTD XHTML 1.0 Transitional//EN"
    "http://www.w3.org/TR/xhtml1/DTD/xhtml1-transitional.dtd">
<html xmlns="http://www.w3.org/1999/xhtml" xml:lang="en" lang="en">
 <head>
  <title>
</title>
<meta http-equiv="Content-Type" content="text/html;charset=utf-8" />
  <meta name='ocr-system' content='tesseract 3.04.00' />
  <meta name='ocr-capabilities' content='ocr_page ocr_carea ocr_par ocr_line ocrx_word'/>
</head>
<body>
  <div class='ocr_page' id='page_1' title='image "./caiicrispisallv01sallgoog_0028.png"; bbox 0 0 2309 3875; ppageno 0'>
   <div class='ocr_carea' id='block_1_1' title="bbox 254 2581 478 2628">
    <p class='ocr_par' dir='ltr' id='par_1_1' title="bbox 254 2581 478 2628">
     <span class='ocr_line' id='line_1_1' title="bbox 254 2581 478 2628; baseline 0.013 -2"><span class='ocrx_word' id='word_1_1' title='bbox 254 2581 478 2628; x_wconf 70' lang='lat' dir='ltr'>Athenae</span> 
     </span>
    </p>
   </div>
   <div class='ocr_carea' id='block_1_2' title="bbox 237 2653 633 2776">
    <p class='ocr_par' dir='ltr' id='par_1_2' title="bbox 237 2653 633 2776">
     <span class='ocr_line' id='line_1_2' title="bbox 237 2653 633 2724; baseline 0.03 -30"><span class='ocrx_word' id='word_1_2' title='bbox 237 2653 390 2712; x_wconf 81' lang='lat' dir='ltr'>suam</span> <span class='ocrx_word' id='word_1_3' title='bbox 411 2661 522 2703; x_wconf 79' lang='lat' dir='ltr'>cele·</span> <span class='ocrx_word' id='word_1_4' title='bbox 565 2681 633 2724; x_wconf 70' lang='lat' dir='ltr'>re</span> 
     </span>
     <span class='ocr_line' id='line_1_3' title="bbox 251 2725 478 2776; baseline 0.044 -10"><span class='ocrx_word' id='word_1_5' title='bbox 251 2725 478 2776; x_wconf 67' lang='lat' dir='ltr'>bribatem</span> 
     </span>
    </p>
   </div>
   <div class='ocr_carea' id='block_1_3' title="bbox 613 257 1779 341">
    <p class='ocr_par' dir='ltr' id='par_1_3' title="bbox 613 257 1779 341">
     <span class='ocr_line' id='line_1_4' title="bbox 613 257 1779 341; baseline 0.018 -22"><span class='ocrx_word' id='word_1_6' title='bbox 613 274 702 340; x_wconf 78' lang='lat'>24</span> <span class='ocrx_word' id='word_1_7' title='bbox 866 328 872 335; x_wconf 77' lang='lat'><strong>.</strong></span> <span class='ocrx_word' id='word_1_8' title='bbox 913 257 985 325; x_wconf 83' lang='lat' dir='ltr'>c,</span> <span class='ocrx_word' id='word_1_9' title='bbox 1030 260 1172 328; x_wconf 81' lang='lat' dir='ltr'>CR.</span> <span class='ocrx_word' id='word_1_10' title='bbox 1216 261 1779 341; x_wconf 69' lang='lat' dir='ltr'><strong>SALLvsTu·</strong></span> 
     </span>
    </p>
   </div>
   <div class='ocr_carea' id='block_1_4' title="bbox 520 428 2165 2776">
    <p class='ocr_par' dir='ltr' id='par_1_4' title="bbox 520 428 2165 2514">
     <span class='ocr_line' id='line_1_5' title="bbox 607 428 2106 534; baseline 0.021 -47"><span class='ocrx_word' id='word_1_11' title='bbox 607 445 724 509; x_wconf 83' lang='lat' dir='ltr'>per</span> <span class='ocrx_word' id='word_1_12' title='bbox 762 429 931 497; x_wconf 86' lang='lat' dir='ltr'>vsum</span> <span class='ocrx_word' id='word_1_13' title='bbox 978 433 1265 499; x_wconf 85' lang='lat' dir='ltr'>militiam</span> <span class='ocrx_word' id='word_1_14' title='bbox 1304 428 1609 509; x_wconf 75' lang='lat' dir='ltr'>discebat:</span> <span class='ocrx_word' id='word_1_15' title='bbox 1666 446 1995 534; x_wconf 85' lang='lat' dir='ltr'>magisque</span> <span class='ocrx_word' id='word_1_16' title='bbox 2030 452 2106 517; x_wconf 70' lang='lat' dir='ltr'>in</span> 
     </span>
     <span class='ocr_line' id='line_1_6' title="bbox 611 538 2137 647; baseline 0.02 -47"><span class='ocrx_word' id='word_1_17' title='bbox 611 538 853 605; x_wconf 86' lang='lat' dir='ltr'>decoris</span> <span class='ocrx_word' id='word_1_18' title='bbox 891 546 1080 607; x_wconf 85' lang='lat' dir='ltr'>armis</span> <span class='ocrx_word' id='word_1_19' title='bbox 1117 547 1186 614; x_wconf 74' lang='grc' dir='ltr'>δι</span> <span class='ocrx_word' id='word_1_20' title='bbox 1224 550 1600 621; x_wconf 77' lang='lat' dir='ltr'>militaribus</span> <span class='ocrx_word' id='word_1_21' title='bbox 1644 561 1863 643; x_wconf 71' lang='lat' dir='ltr'>equiS,</span> <span class='ocrx_word' id='word_1_22' title='bbox 1902 582 2098 647; x_wconf 85' lang='lat' dir='ltr'>quam</span> <span class='ocrx_word' id='word_1_23' title='bbox 2126 612 2137 621; x_wconf 82' lang='lat'>-</span> 
     </span>
     <span class='ocr_line' id='line_1_7' title="bbox 609 648 2101 743; baseline 0.021 -31"><span class='ocrx_word' id='word_1_24' title='bbox 609 648 679 714; x_wconf 88' lang='lat' dir='ltr'>in</span> <span class='ocrx_word' id='word_1_25' title='bbox 709 651 926 717; x_wconf 87' lang='lat' dir='ltr'>scortis</span> <span class='ocrx_word' id='word_1_26' title='bbox 953 667 1148 739; x_wconf 85' lang='lat' dir='ltr'>atque</span> <span class='ocrx_word' id='word_1_27' title='bbox 1174 666 1497 732; x_wconf 86' lang='lat' dir='ltr'>conuiuiis·</span> <span class='ocrx_word' id='word_1_28' title='bbox 1518 669 1865 737; x_wconf 82' lang='lat' dir='ltr'>lubidinem</span> <span class='ocrx_word' id='word_1_29' title='bbox 1902 675 2101 743; x_wconf 86' lang='lat' dir='ltr'>habe-</span> 
     </span>
     <span class='ocr_line' id='line_1_8' title="bbox 608 761 2099 853; baseline 0.021 -29"><span class='ocrx_word' id='word_1_30' title='bbox 608 761 780 825; x_wconf 84' lang='lat' dir='ltr'>bant.</span> <span class='ocrx_word' id='word_1_31' title='bbox 863 762 1072 848; x_wconf 80' lang='lat' dir='ltr'>Igitur</span> <span class='ocrx_word' id='word_1_32' title='bbox 1110 771 1343 837; x_wconf 87' lang='lat' dir='ltr'>talibus</span> <span class='ocrx_word' id='word_1_33' title='bbox 1379 780 1529 844; x_wconf 85' lang='lat' dir='ltr'>viris</span> <span class='ocrx_word' id='word_1_34' title='bbox 1570 803 1693 848; x_wconf 90' lang='lat' dir='ltr'>non</span> <span class='ocrx_word' id='word_1_35' title='bbox 1729 786 1899 851; x_wconf 87' lang='lat' dir='ltr'>labos</span> <span class='ocrx_word' id='word_1_36' title='bbox 1930 788 2099 853; x_wconf 74' lang='lat' dir='ltr'>Inso-</span> 
     </span>
     <span class='ocr_line' id='line_1_9' title="bbox 603 874 2098 989; baseline 0.019 -52"><span class='ocrx_word' id='word_1_37' title='bbox 603 874 774 949; x_wconf 80' lang='lat' dir='ltr'>litus,</span> <span class='ocrx_word' id='word_1_38' title='bbox 799 896 923 939; x_wconf 85' lang='lat' dir='ltr'>non</span> <span class='ocrx_word' id='word_1_39' title='bbox 952 878 1126 944; x_wconf 84' lang='lat' dir='ltr'>locus</span> <span class='ocrx_word' id='word_1_40' title='bbox 1157 883 1330 949; x_wconf 82' lang='lat' dir='ltr'>vllns.</span> <span class='ocrx_word' id='word_1_41' title='bbox 1350 890 1521 972; x_wconf 85' lang='lat' dir='ltr'>asper</span> <span class='ocrx_word' id='word_1_42' title='bbox 1545 906 1654 961; x_wconf 87' lang='lat' dir='ltr'>aut</span> <span class='ocrx_word' id='word_1_43' title='bbox 1677 898 1909 965; x_wconf 80' lang='lat' dir='ltr'>arduus</span> <span class='ocrx_word' id='word_1_44' title='bbox 1936 913 2098 989; x_wconf 78' lang='lat' dir='ltr'>erat,</span> 
     </span>
     <span class='ocr_line' id='line_1_10' title="bbox 601 994 2093 1093; baseline 0.023 -46"><span class='ocrx_word' id='word_1_45' title='bbox 601 1004 732 1048; x_wconf 86' lang='lat' dir='ltr'>non</span> <span class='ocrx_word' id='word_1_46' title='bbox 777 1002 1053 1055; x_wconf 82' lang='lat' dir='ltr'>armatus</span> <span class='ocrx_word' id='word_1_47' title='bbox 1096 994 1290 1061; x_wconf 87' lang='lat' dir='ltr'>hostis</span> <span class='ocrx_word' id='word_1_48' title='bbox 1328 999 1806 1093; x_wconf 60' lang='lat' dir='ltr'>formidolosum</span> <span class='ocrx_word' id='word_1_49' title='bbox 1888 1015 2093 1081; x_wconf 83' lang='lat' dir='ltr'>virtus</span> 
     </span>
     <span class='ocr_line' id='line_1_11' title="bbox 597 1099 2087 1196; baseline 0.026 -39"><span class='ocrx_word' id='word_1_50' title='bbox 597 1099 808 1161; x_wconf 84' lang='lat' dir='ltr'>omnia</span> <span class='ocrx_word' id='word_1_51' title='bbox 853 1100 1201 1185; x_wconf 77' lang='lat' dir='ltr'>domuerat.</span> <span class='ocrx_word' id='word_1_52' title='bbox 1285 1109 1407 1174; x_wconf 90' lang='lat' dir='ltr'>Sed</span> <span class='ocrx_word' id='word_1_53' title='bbox 1452 1116 1690 1196; x_wconf 80' lang='lat' dir='ltr'>glorIae</span> <span class='ocrx_word' id='word_1_54' title='bbox 1724 1144 2087 1193; x_wconf 77' lang='lat' dir='ltr'>maxumum</span> 
     </span>
     <span class='ocr_line' id='line_1_12' title="bbox 520 1216 2084 1324; baseline 0.024 -56"><span class='ocrx_word' id='word_1_55' title='bbox 520 1232 530 1238; x_wconf 75' lang='lat'>-</span> <span class='ocrx_word' id='word_1_56' title='bbox 597 1220 915 1277; x_wconf 84' lang='lat' dir='ltr'>certamen</span> <span class='ocrx_word' id='word_1_57' title='bbox 948 1216 1122 1281; x_wconf 80' lang='lat' dir='ltr'>inter</span> <span class='ocrx_word' id='word_1_58' title='bbox 1166 1221 1323 1303; x_wconf 81' lang='lat' dir='ltr'>ipsos</span> <span class='ocrx_word' id='word_1_59' title='bbox 1374 1236 1560 1295; x_wconf 72' lang='lat' dir='ltr'>eratt</span> <span class='ocrx_word' id='word_1_60' title='bbox 1598 1308 1603 1311; x_wconf 21' lang='grc' dir='ltr'>Ι</span> <span class='ocrx_word' id='word_1_61' title='bbox 1646 1232 1769 1299; x_wconf 90' lang='lat' dir='ltr'>sese</span> <span class='ocrx_word' id='word_1_62' title='bbox 1812 1242 2084 1324; x_wconf 84' lang='lat' dir='ltr'>quisque</span> 
     </span>
     <span class='ocr_line' id='line_1_13' title="bbox 591 1317 2087 1439; baseline 0.026 -58"><span class='ocrx_word' id='word_1_63' title='bbox 591 1317 832 1393; x_wconf 77' lang='lat' dir='ltr'>hostem</span> <span class='ocrx_word' id='word_1_64' title='bbox 865 1324 1072 1405; x_wconf 87' lang='lat' dir='ltr'>ferire,</span> <span class='ocrx_word' id='word_1_65' title='bbox 1115 1353 1370 1399; x_wconf 85' lang='lat' dir='ltr'><strong>murum</strong></span> <span class='ocrx_word' id='word_1_66' title='bbox 1405 1339 1802 1425; x_wconf 73' lang='lat' dir='ltr'>adscendere,</span> <span class='ocrx_word' id='word_1_67' title='bbox 1845 1354 2087 1439; x_wconf 88' lang='lat' dir='ltr'>conspi-</span> 
     </span>
     <span class='ocr_line' id='line_1_14' title="bbox 592 1433 2134 1544; baseline 0.025 -48"><span class='ocrx_word' id='word_1_68' title='bbox 592 1433 688 1507; x_wconf 89' lang='lat' dir='ltr'>ci,</span> <span class='ocrx_word' id='word_1_69' title='bbox 731 1436 881 1501; x_wconf 88' lang='lat' dir='ltr'>dum</span> <span class='ocrx_word' id='word_1_70' title='bbox 918 1442 1044 1505; x_wconf 82' lang='lat' dir='ltr'>tale</span> <span class='ocrx_word' id='word_1_71' title='bbox 1080 1446 1331 1511; x_wconf 84' lang='lat' dir='ltr'>facinus</span> <span class='ocrx_word' id='word_1_72' title='bbox 1362 1450 1629 1532; x_wconf 86' lang='lat' dir='ltr'>faceret,</span> <span class='ocrx_word' id='word_1_73' title='bbox 1673 1466 2036 1544; x_wconf 85' lang='lat' dir='ltr'>properabat</span> <span class='ocrx_word' id='word_1_74' title='bbox 2059 1491 2085 1534; x_wconf 71' lang='lat' dir='ltr'>a</span> <span class='ocrx_word' id='word_1_75' title='bbox 2125 1485 2134 1495; x_wconf 86' lang='lat'>·</span> 
     </span>
     <span class='ocr_line' id='line_1_15' title="bbox 591 1547 2082 1657; baseline 0.021 -51"><span class='ocrx_word' id='word_1_76' title='bbox 591 1548 696 1608; x_wconf 81' lang='lat' dir='ltr'>eas</span> <span class='ocrx_word' id='word_1_77' title='bbox 733 1547 1020 1627; x_wconf 81' lang='lat' dir='ltr'>diuitias,</span> <span class='ocrx_word' id='word_1_78' title='bbox 1065 1576 1202 1641; x_wconf 78' lang='lat' dir='ltr'>eatn</span> <span class='ocrx_word' id='word_1_79' title='bbox 1236 1561 1458 1627; x_wconf 85' lang='lat' dir='ltr'>bonam</span> <span class='ocrx_word' id='word_1_80' title='bbox 1489 1567 1717 1633; x_wconf 84' lang='lat' dir='ltr'>famam</span> <span class='ocrx_word' id='word_1_81' title='bbox 1753 1592 2082 1657; x_wconf 84' lang='lat' dir='ltr'>magnam..</span> 
     </span>
     <span class='ocr_line' id='line_1_16' title="bbox 589 1662 2077 1771; baseline 0.028 -55"><span class='ocrx_word' id='word_1_82' title='bbox 589 1674 716 1740; x_wconf 83' lang='lat' dir='ltr'>qne</span> <span class='ocrx_word' id='word_1_83' title='bbox 759 1662 1150 1729; x_wconf 76' lang='lat' dir='ltr'>nobilitatem</span> <span class='ocrx_word' id='word_1_84' title='bbox 1201 1676 1546 1752; x_wconf 72' lang='lat' dir='ltr'>putabantz</span> <span class='ocrx_word' id='word_1_85' title='bbox 1617 1681 1821 1749; x_wconf 87' lang='lat' dir='ltr'>laudis</span> <span class='ocrx_word' id='word_1_86' title='bbox 1868 1692 2077 1771; x_wconf 88' lang='lat' dir='ltr'>auidi,</span> 
     </span>
     <span class='ocr_line' id='line_1_17' title="bbox 583 1772 2141 1887; baseline 0.028 -60"><span class='ocrx_word' id='word_1_87' title='bbox 583 1772 892 1851; x_wconf 86' lang='lat' dir='ltr'>pecuniae</span> <span class='ocrx_word' id='word_1_88' title='bbox 937 1774 1225 1843; x_wconf 85' lang='lat' dir='ltr'>liberales</span> <span class='ocrx_word' id='word_1_89' title='bbox 1268 1796 1482 1856; x_wconf 72' lang='lat' dir='ltr'>erantt</span> <span class='ocrx_word' id='word_1_90' title='bbox 1542 1794 1802 1873; x_wconf 82' lang='lat' dir='ltr'>gloriam</span> <span class='ocrx_word' id='word_1_91' title='bbox 1845 1802 2076 1887; x_wconf 87' lang='lat' dir='ltr'>ingen-</span> <span class='ocrx_word' id='word_1_92' title='bbox 2136 1832 2141 1839; x_wconf 90' lang='lat'><strong>·</strong></span> 
     </span>
     <span class='ocr_line' id='line_1_18' title="bbox 583 1882 2165 1999; baseline 0.03 -58"><span class='ocrx_word' id='word_1_93' title='bbox 583 1887 716 1942; x_wconf 87' lang='lat' dir='ltr'>tem</span> <span class='ocrx_word' id='word_1_94' title='bbox 738 1926 755 1956; x_wconf 89' lang='lat'><strong>,</strong></span> <span class='ocrx_word' id='word_1_95' title='bbox 817 1882 1068 1952; x_wconf 87' lang='lat' dir='ltr'>diuitias</span> <span class='ocrx_word' id='word_1_96' title='bbox 1106 1890 1391 1964; x_wconf 80' lang='lat' dir='ltr'>honestas</span> <span class='ocrx_word' id='word_1_97' title='bbox 1436 1904 1743 1972; x_wconf 84' lang='lat' dir='ltr'>volebant.</span> <span class='ocrx_word' id='word_1_98' title='bbox 1830 1914 2073 1984; x_wconf 83' lang='lat' dir='ltr'>Memo-</span> <span class='ocrx_word' id='word_1_99' title='bbox 2162 1996 2165 1999; x_wconf 21' lang='lat'><strong>¹</strong></span> 
     </span>
     <span class='ocr_line' id='line_1_19' title="bbox 581 1994 2070 2096; baseline 0.026 -44"><span class='ocrx_word' id='word_1_100' title='bbox 581 2010 718 2056; x_wconf 80' lang='lat' dir='ltr'>rare</span> <span class='ocrx_word' id='word_1_101' title='bbox 753 1994 1011 2078; x_wconf 82' lang='lat' dir='ltr'>pofl&#39;em,</span> <span class='ocrx_word' id='word_1_102' title='bbox 1055 2006 1281 2086; x_wconf 82' lang='lat' dir='ltr'>quibus</span> <span class='ocrx_word' id='word_1_103' title='bbox 1310 2011 1377 2072; x_wconf 89' lang='lat' dir='ltr'>in</span> <span class='ocrx_word' id='word_1_104' title='bbox 1408 2013 1562 2078; x_wconf 91' lang='lat' dir='ltr'>locis</span> <span class='ocrx_word' id='word_1_105' title='bbox 1595 2039 1919 2090; x_wconf 83' lang='lat' dir='ltr'>maxumas</span> <span class='ocrx_word' id='word_1_106' title='bbox 1952 2031 2070 2096; x_wconf 78' lang='lat' dir='ltr'>ho-</span> 
     </span>
     <span class='ocr_line' id='line_1_20' title="bbox 577 2102 2073 2217; baseline 0.031 -50"><span class='ocrx_word' id='word_1_107' title='bbox 577 2102 763 2168; x_wconf 85' lang='lat' dir='ltr'>stium</span> <span class='ocrx_word' id='word_1_108' title='bbox 789 2109 992 2192; x_wconf 87' lang='lat' dir='ltr'>copias</span> <span class='ocrx_word' id='word_1_109' title='bbox 1018 2120 1287 2198; x_wconf 86' lang='lat' dir='ltr'>populus</span> <span class='ocrx_word' id='word_1_110' title='bbox 1312 2123 1628 2194; x_wconf 87' lang='lat' dir='ltr'>Romanus</span> <span class='ocrx_word' id='word_1_111' title='bbox 1654 2154 1848 2217; x_wconf 84' lang='lat' dir='ltr'>parua</span> <span class='ocrx_word' id='word_1_112' title='bbox 1872 2160 2073 2214; x_wconf 77' lang='lat' dir='ltr'>manu·</span> 
     </span>
     <span class='ocr_line' id='line_1_21' title="bbox 573 2211 2057 2341; baseline 0.032 -66"><span class='ocrx_word' id='word_1_113' title='bbox 573 2211 826 2295; x_wconf 83' lang='lat' dir='ltr'>fuderit,</span> <span class='ocrx_word' id='word_1_114' title='bbox 868 2241 1024 2314; x_wconf 74' lang='lat' dir='ltr'>quas</span> <span class='ocrx_word' id='word_1_115' title='bbox 1055 2229 1254 2307; x_wconf 72' lang='lat' dir='ltr'>vrbeS,</span> <span class='ocrx_word' id='word_1_116' title='bbox 1298 2245 1523 2304; x_wconf 85' lang='lat' dir='ltr'>natura</span> <span class='ocrx_word' id='word_1_117' title='bbox 1560 2249 1856 2328; x_wconf 76' lang='lat' dir='ltr'>munitaS,</span> <span class='ocrx_word' id='word_1_118' title='bbox 1899 2274 2057 2341; x_wconf 87' lang='lat' dir='ltr'>pug-</span> 
     </span>
     <span class='ocr_line' id='line_1_22' title="bbox 571 2331 2059 2456; baseline 0.032 -68"><span class='ocrx_word' id='word_1_119' title='bbox 571 2331 781 2400; x_wconf 81' lang='lat' dir='ltr'>nando</span> <span class='ocrx_word' id='word_1_120' title='bbox 809 2339 1082 2418; x_wconf 50' lang='lat' dir='ltr'>ceperim</span> <span class='ocrx_word' id='word_1_121' title='bbox 1121 2344 1193 2407; x_wconf 87' lang='lat' dir='ltr'>ni</span> <span class='ocrx_word' id='word_1_122' title='bbox 1219 2364 1294 2408; x_wconf 88' lang='lat' dir='ltr'>ea</span> <span class='ocrx_word' id='word_1_123' title='bbox 1321 2369 1424 2415; x_wconf 85' lang='lat' dir='ltr'>res</span> <span class='ocrx_word' id='word_1_124' title='bbox 1462 2355 1717 2441; x_wconf 63' lang='lat' dir='ltr'>longius,</span> <span class='ocrx_word' id='word_1_125' title='bbox 1740 2363 1817 2428; x_wconf 88' lang='lat' dir='ltr'>ab</span> <span class='ocrx_word' id='word_1_126' title='bbox 1846 2367 2059 2456; x_wconf 81' lang='lat' dir='ltr'>incep-</span> 
     </span>
     <span class='ocr_line' id='line_1_23' title="bbox 571 2443 970 2514; baseline 0.033 -15"><span class='ocrx_word' id='word_1_127' title='bbox 571 2446 638 2501; x_wconf 86' lang='lat' dir='ltr'>to</span> <span class='ocrx_word' id='word_1_128' title='bbox 679 2443 970 2514; x_wconf 86' lang='lat' dir='ltr'>traheret.</span> 
     </span>
    </p>

    <p class='ocr_par' dir='ltr' id='par_1_5' title="bbox 667 2551 2057 2776">
     <span class='ocr_line' id='line_1_24' title="bbox 740 2551 2055 2670; baseline 0.029 -49"><span class='ocrx_word' id='word_1_129' title='bbox 740 2551 959 2622; x_wconf 86' lang='lat' dir='ltr'><strong>VIII.</strong></span> <span class='ocrx_word' id='word_1_130' title='bbox 1017 2559 1140 2627; x_wconf 86' lang='lat' dir='ltr'>Sed</span> <span class='ocrx_word' id='word_1_131' title='bbox 1176 2571 1449 2650; x_wconf 72' lang='lat' dir='ltr'>profesto</span> <span class='ocrx_word' id='word_1_132' title='bbox 1488 2578 1741 2670; x_wconf 70' lang='lat' dir='ltr'>fortuna</span> <span class='ocrx_word' id='word_1_133' title='bbox 1781 2588 1845 2650; x_wconf 88' lang='lat' dir='ltr'>in</span> <span class='ocrx_word' id='word_1_134' title='bbox 1882 2595 2055 2661; x_wconf 80' lang='lat' dir='ltr'>omni</span> 
     </span>
     <span class='ocr_line' id='line_1_25' title="bbox 667 2664 2057 2776; baseline 0.033 -51"><span class='ocrx_word' id='word_1_135' title='bbox 667 2664 1064 2738; x_wconf 80' lang='lat' dir='ltr'>dominatur:</span> <span class='ocrx_word' id='word_1_136' title='bbox 1137 2698 1211 2741; x_wconf 87' lang='lat' dir='ltr'>ea</span> <span class='ocrx_word' id='word_1_137' title='bbox 1240 2702 1339 2746; x_wconf 86' lang='lat' dir='ltr'>res</span> <span class='ocrx_word' id='word_1_138' title='bbox 1368 2689 1623 2776; x_wconf 61' lang='lat' dir='ltr'>cunctas</span> <span class='ocrx_word' id='word_1_139' title='bbox 1662 2719 1741 2760; x_wconf 83' lang='lat' dir='ltr'>ex</span> <span class='ocrx_word' id='word_1_140' title='bbox 1770 2698 2057 2772; x_wconf 73' lang='lat' dir='ltr'>lubidine</span> 
     </span>
    </p>
   </div>
   <div class='ocr_carea' id='block_1_5' title="bbox 233 2777 2052 2898">
    <p class='ocr_par' dir='ltr' id='par_1_6' title="bbox 233 2777 2052 2898">
     <span class='ocr_line' id='line_1_26' title="bbox 233 2777 2052 2898; baseline 0.014 -48"><span class='ocrx_word' id='word_1_141' title='bbox 233 2801 468 2860; x_wconf 65' lang='lat' dir='ltr'>scriptore</span> <span class='ocrx_word' id='word_1_142' title='bbox 479 2837 492 2842; x_wconf 83' lang='lat'>--</span> <span class='ocrx_word' id='word_1_143' title='bbox 563 2777 780 2860; x_wconf 52' lang='lat' dir='ltr'>magi&amp;</span> <span class='ocrx_word' id='word_1_144' title='bbox 822 2800 1012 2864; x_wconf 81' lang='lat' dir='ltr'>quam</span> <span class='ocrx_word' id='word_1_145' title='bbox 1045 2807 1123 2852; x_wconf 85' lang='lat' dir='ltr'>ex</span> <span class='ocrx_word' id='word_1_146' title='bbox 1155 2812 1304 2858; x_wconf 86' lang='lat' dir='ltr'>vero</span> <span class='ocrx_word' id='word_1_147' title='bbox 1331 2801 1599 2868; x_wconf 88' lang='lat' dir='ltr'>celebrat</span> <span class='ocrx_word' id='word_1_148' title='bbox 1625 2809 2052 2898; x_wconf 77' lang='lat' dir='ltr'>obscuratque,</span> 
     </span>
    </p>
   </div>
   <div class='ocr_carea' id='block_1_6' title="bbox 247 2875 359 2930">
    <p class='ocr_par' dir='ltr' id='par_1_7' title="bbox 247 2875 359 2930">
     <span class='ocr_line' id='line_1_27' title="bbox 247 2875 359 2930; baseline 0.089 -11"><span class='ocrx_word' id='word_1_149' title='bbox 247 2875 359 2930; x_wconf 64' lang='lat' dir='ltr'>bus,</span> 
     </span>
    </p>
   </div>
   <div class='ocr_carea' id='block_1_7' title="bbox 547 2889 2049 3454">
    <p class='ocr_par' dir='ltr' id='par_1_8' title="bbox 547 2889 2049 3454">
     <span class='ocr_line' id='line_1_28' title="bbox 561 2889 2049 3004; baseline 0.03 -53"><span class='ocrx_word' id='word_1_150' title='bbox 561 2889 1037 2961; x_wconf 83' lang='lat' dir='ltr'>Athenienfium</span> <span class='ocrx_word' id='word_1_151' title='bbox 1080 2920 1182 2964; x_wconf 78' lang='lat' dir='ltr'>res</span> <span class='ocrx_word' id='word_1_152' title='bbox 1220 2894 1429 2988; x_wconf 82' lang='lat' dir='ltr'>gestae</span> <span class='ocrx_word' id='word_1_153' title='bbox 1466 2911 1647 2983; x_wconf 80' lang='lat' dir='ltr'>ficati</span> <span class='ocrx_word' id='word_1_154' title='bbox 1689 2941 1803 3004; x_wconf 83' lang='lat' dir='ltr'>ego</span> <span class='ocrx_word' id='word_1_155' title='bbox 1842 2929 2049 2994; x_wconf 83' lang='lat' dir='ltr'>aestu-</span> 
     </span>
     <span class='ocr_line' id='line_1_29' title="bbox 558 2999 2043 3116; baseline 0.032 -56"><span class='ocrx_word' id='word_1_156' title='bbox 558 3020 682 3076; x_wconf 86' lang='lat' dir='ltr'>mo,</span> <span class='ocrx_word' id='word_1_157' title='bbox 724 3002 870 3068; x_wconf 86' lang='lat' dir='ltr'>satis</span> <span class='ocrx_word' id='word_1_158' title='bbox 894 3011 1132 3093; x_wconf 82' lang='lat' dir='ltr'>amplae</span> <span class='ocrx_word' id='word_1_159' title='bbox 1162 2999 1653 3112; x_wconf 76' lang='lat' dir='ltr'>magnificaeque</span> <span class='ocrx_word' id='word_1_160' title='bbox 1679 3033 1891 3116; x_wconf 80' lang='lat' dir='ltr'>fuere3</span> <span class='ocrx_word' id='word_1_161' title='bbox 1918 3013 2043 3107; x_wconf 33' lang='lat' dir='ltr'>*ve-</span> 
     </span>
     <span class='ocr_line' id='line_1_30' title="bbox 555 3115 2039 3228; baseline 0.03 -55"><span class='ocrx_word' id='word_1_162' title='bbox 555 3130 694 3174; x_wconf 86' lang='lat' dir='ltr'>rum</span> <span class='ocrx_word' id='word_1_163' title='bbox 729 3115 1046 3198; x_wconf 87' lang='lat' dir='ltr'>aliquanto</span> <span class='ocrx_word' id='word_1_164' title='bbox 1076 3127 1342 3194; x_wconf 85' lang='lat' dir='ltr'>minores</span> <span class='ocrx_word' id='word_1_165' title='bbox 1366 3142 1609 3218; x_wconf 82' lang='lat' dir='ltr'>tamen,</span> <span class='ocrx_word' id='word_1_166' title='bbox 1652 3163 1841 3228; x_wconf 88' lang='lat' dir='ltr'>quam</span> <span class='ocrx_word' id='word_1_167' title='bbox 1874 3153 2039 3216; x_wconf 82' lang='lat' dir='ltr'>fama</span> 
     </span>
     <span class='ocr_line' id='line_1_31' title="bbox 550 3218 2038 3348; baseline 0.033 -67"><span class='ocrx_word' id='word_1_168' title='bbox 550 3218 856 3292; x_wconf 84' lang='lat' dir='ltr'>feruntur.</span> <span class='ocrx_word' id='word_1_169' title='bbox 961 3232 1081 3300; x_wconf 91' lang='lat' dir='ltr'>Sed</span> <span class='ocrx_word' id='word_1_170' title='bbox 1112 3241 1265 3321; x_wconf 86' lang='lat' dir='ltr'>quia</span> <span class='ocrx_word' id='word_1_171' title='bbox 1294 3262 1637 3326; x_wconf 85' lang='lat' dir='ltr'>prouenere</span> <span class='ocrx_word' id='word_1_172' title='bbox 1674 3258 1759 3324; x_wconf 84' lang='lat' dir='ltr'>ibi</span> <span class='ocrx_word' id='word_1_173' title='bbox 1784 3262 2038 3348; x_wconf 85' lang='lat' dir='ltr'>scripto-</span> 
     </span>
     <span class='ocr_line' id='line_1_32' title="bbox 547 3345 2033 3454; baseline 0.034 -60"><span class='ocrx_word' id='word_1_174' title='bbox 547 3349 694 3398; x_wconf 83' lang='lat' dir='ltr'>rum</span> <span class='ocrx_word' id='word_1_175' title='bbox 731 3356 957 3424; x_wconf 84' lang='lat' dir='ltr'>magna</span> <span class='ocrx_word' id='word_1_176' title='bbox 999 3345 1287 3434; x_wconf 87' lang='lat' dir='ltr'>ingenia,</span> <span class='ocrx_word' id='word_1_177' title='bbox 1326 3376 1438 3443; x_wconf 84' lang='lat' dir='ltr'>pet</span> <span class='ocrx_word' id='word_1_178' title='bbox 1470 3372 1777 3454; x_wconf 83' lang='lat' dir='ltr'>terrarum</span> <span class='ocrx_word' id='word_1_179' title='bbox 1818 3373 2033 3444; x_wconf 83' lang='lat' dir='ltr'>orbem</span> 
     </span>
    </p>
   </div>
  </div>
 </body>
</html>
