2309 3875
261 941 388 986 δασὺ·
411 949 520 984 con-

262 1015 536 1059 iurationis

263 1089 415 1132 σοι-ἕο
423 1085 540 1145 sen-

557 311 646 391 38
871 295 946 366 c.
987 293 1130 364 cn.
1172 282 1728 360 SALLvsTu

565 476 845 550 animus,
867 487 1082 554 neque
1105 481 1327 553 corpus
1351 484 1391 529 a
1410 461 1585 529 vobis
1610 460 1835 525 aberit.
1899 457 2103 525 Haec.

568 587 704 673 ipsa
732 630 755 662 ,
812 591 884 648 vt
936 581 1149 664 spero,
1222 576 1540 644 vobiscum
1580 573 1808 641 Consul
1846 589 2032 656 agam
2056 590 2082 642 t

575 698 692 764 nifi
735 698 900 759 forte
943 693 1197 756 animus
1240 691 1412 779 fallit
1439 734 1463 767 ,
1532 686 1602 754 δι
1644 706 1754 752 vos
1793 684 2031 748 seruire
2062 727 2088 762 ‚

577 827 766 894 quam
793 807 1124 888 imperare,
1169 804 1372 886 parati
1401 803 1567 869 estis·
1609 845 1654 878 „

707 917 921 984 XXI.
973 914 1311 997 Postquam
1342 931 1642 999 accepere
1674 931 1752 978 ea
1780 909 2093 988 homines,

579 1031 817 1117 quibus
847 1027 1011 1092 mala
1041 1021 1296 1089 abunde
1335 1028 1551 1090 omnia
1584 1033 1802 1100 erant,
1840 1023 1945 1088 sed
1975 1043 2099 1086 ne-

581 1157 712 1227 que
736 1160 860 1216 res,
891 1157 1104 1222 neque
1137 1137 1276 1220 spes
1304 1136 1471 1202 bona
1504 1141 1666 1216 vlla-3
1724 1148 1939 1220 tamen
1974 1131 2095 1198 etfi

579 1257 708 1322 ilus
745 1251 964 1339 quieta
993 1268 1276 1327 mouere,
1301 1265 1531 1333 magna
1560 1269 1805 1315 merces
1836 1248 2097 1314 videba-

583 1377 732 1443 tur3
791 1374 1006 1430 tamen
1036 1362 1353 1447 postulare
1388 1362 1705 1446 plerique,
1748 1363 1843 1426 vti
1876 1379 2103 1445 propo-
2184 1444 2202 1453 ·

585 1487 770 1544 neret
796 1521 820 1554 ,
889 1493 1059 1561 quae
1103 1475 1381 1540 conditio
1427 1472 1583 1541 belli
1626 1475 1831 1538 foret:
1934 1491 2105 1557 quae

583 1591 866 1677 praemia
899 1588 1088 1652 armis
1116 1598 1453 1671 peterent:
1532 1587 1682 1672 quid
1712 1588 1940 1675 vbique
1961 1587 2108 1670 opis

589 1709 708 1768 aut
743 1699 868 1784 spei
897 1697 1228 1763 haberent.
1314 1697 1487 1764 Tum
1518 1701 1792 1766 Catilina
1820 1699 2111 1784 polliceri

587 1811 840 1880 tabulas
871 1827 1095 1887 nouas,
1127 1809 1635 1896 proscriptionem
1664 1812 2107 1898 locupletium,

589 1923 1021 2010 magistratus,
1061 1922 1442 2003 sacerdotia,
1482 1929 1768 2012 rapinas,
1808 1929 1935 1993 alia
1964 1948 2108 1991 om-

593 2038 740 2114 nit,
797 2056 962 2121 qnae
999 2036 1247 2101 bellum
1288 2048 1485 2122 atque
1531 2040 1750 2106 lubido
1790 2041 2107 2106 victorum

591 2150 740 2217 sert.
825 2148 1151 2215 Praeterea
1194 2150 1319 2215 effe
1365 2154 1433 2216 in
1475 2152 1769 2238 Hispania
1812 2154 2107 2215 citeriore

595 2262 918 2339 Pisonem,
991 2263 1059 2327 in
1099 2264 1478 2328 Mauritania
1519 2286 1670 2329 cnm
1714 2267 1995 2330 exercitu
2035 2266 2108 2335 P.

594 2372 856 2441 Sittium
885 2372 1302 2452 Nucerinum,
1343 2376 1585 2443 confilii
1620 2380 1711 2442 sui
1742 2378 2111 2463 participes:

599 2494 814 2572 petere
841 2484 1235 2555 consulatum
1261 2488 1331 2555 C.
1354 2492 1733 2567 Antonium,
1778 2511 1967 2576 quem
1994 2490 2111 2557 fibi

597 2596 906 2681 collegam
941 2595 1079 2663 fore
1112 2600 1417 2684 speraret,
1460 2602 1780 2666 hominem
1819 2602 1889 2668 &
1922 2605 2101 2668 fami·

599 2710 818 2777 liarem
841 2754 864 2789 ,
921 2708 994 2777 &
1035 2694 1331 2778 omnibus
1384 2713 1935 2781 neceflitudinibus
1983 2716 2111 2780 cir-

604 2833 1070 2891 cumuentum:
1128 2847 1207 2890 eo
1236 2825 1569 2892 Consulem
1597 2829 1849 2893 initium
1875 2833 2113 2915 agendi

603 2934 939 3004 fafilturum.
1079 2938 1187 3003 Ad
1242 2938 1365 3005 hoc
1419 2938 1767 3005 malediffls
1825 2942 2115 3029 increpat

605 3068 829 3114 omnes
871 3048 1106 3117 bunost
1162 3050 1411 3117 suorum
1436 3070 1959 3141 vnumquemque
1993 3078 2112 3119 no-

608 3158 860 3225 minans
893 3162 1189 3247 laudare3
1233 3164 1607 3230 admonebat
1638 3170 1831 3234 alium
1864 3168 2110 3250 egesta-

609 3272 715 3351 tis,
758 3274 953 3338 alium
993 3276 1360 3361 cupiditatis
1398 3276 1566 3358 suae,
1609 3286 1956 3366 complures
1994 3300 2110 3363 pe-

607 3385 699 3453 ric
707 3380 798 3451 uli
850 3392 966 3453 aut
1018 3388 1403 3475 ignominiae
1425 3435 1448 3472 ‚
1521 3396 1758 3463 multos
1811 3391 2109 3463 victoriae
