2309 3875
249 2047 520 2099 Iugurthae

247 2133 407 2168 mores
441 2121 492 2167 E?

248 2199 520 2250 ingenium.

552 292 640 361 94
881 269 952 338 c,
995 267 1140 339 CR.
1184 263 1735 337 SALL=VST11

554 446 640 512 ob
673 461 836 530 quae
855 489 877 522 ,
913 440 1096 507 νίὅὶῑε
1127 440 1739 525 carthaginienfibus
1780 438 1847 506 &
1878 448 2067 524 capto

559 522 888 646 Syphace‘,
961 556 1146 620 cuius
1186 555 1253 619 in
1290 556 1509 621 Africa
1541 572 1841 637 magnum
1876 568 2071 639 atque

554 674 682 765 iate
729 670 1062 753 imperium
1109 672 1355 745 valuit,
1422 670 1697 754 populus
1742 668 2071 731 Romanus

555 804 984 872 quascumque
1021 782 1201 846 vrbes
1232 780 1301 847 &
1330 801 1511 866 agros
1549 801 1747 845 manu
1784 794 2075 863 ceperat,

557 900 695 980 regi
721 899 884 961 dono
908 895 1100 960 dedit.
1189 895 1395 979 Igitur
1419 895 1699 959 amicitia
1724 891 2069 960 Mafiuiffae

559 1012 726 1077 bona
765 1022 962 1093 atque
1003 1009 1261 1075 honesta
1305 1008 1484 1073 nobis
1516 1008 1890 1093 permanfitz
1948 1009 2075 1073 im·-
2124 1056 2131 1067 „

559 1125 718 1209 perii
757 1126 1051 1205 vitaeque
1088 1119 1415 1189 eiuS.finis
1448 1124 1617 1187 idem
1652 1121 1801 1188 fuit.
1902 1120 2073 1187 Dein

561 1236 814 1323 Micipsa
855 1232 1029 1303 filius
1070 1255 1341 1317 regnum
1378 1234 1547 1302 solus
1588 1235 1889 1311 obtinuit,
1932 1234 2072 1301 Ma-

561 1351 877 1419 stanabale
929 1346 998 1413 &
1043 1347 1304 1415 Gulufl'a
1353 1339 1648 1415 frattribus
1696 1350 1933 1419 morbo.
1959 1350 2072 1413 ab·

562 1464 808 1531 sumtiS.
893 1463 964 1529 Is
991 1464 1417 1531 Adherbalem
1446 1464 1513 1531 &
1543 1463 1961 1547 Hiempsalem
1991 1482 2073 1527 ex

562 1578 686 1642 sese
723 1578 986 1659 genuit3
1049 1577 1556 1661 Iugurthamque
1572 1604 1609 1653 ‚·
1634 1577 2073 1653 Mastanabalis

560 1690 768 1755 fratris
796 1688 1035 1765 filium,
1081 1710 1273 1773 quem
1311 1689 1647 1765 Mafiuifl'a,
1693 1692 1864 1775 quod
1894 1700 2074 1755 ortus

563 1826 651 1889 ex*
672 1803 1024 1867 concubina
1047 1814 1204 1878 erat,
1230 1806 1551 1888 priuatum
1578 1806 1938 1889 reliquerat,
1965 1825 2076 1869 eo·-

566 1917 711 1982 dem
740 1917 946 1992 cultu,
975 1936 1100 2001 quo
1127 1917 1357 1982 libe'ros
1386 1890 1753 1994 suo'3,⁶domi
1788 1918 2030 1987 habuit.
2088 1908 2093 1919 ’

631 2021 639 2026 ’
694 2029 827 2098 VI.
886 2030 1018 2105 Qui
1049 2033 1152 2096 vbi
1182 2011 1455 2115 primuru
1485 2032 1788 2110 adoleuit,
1832 2031 2076 2116 pollens

568 2144 840 2221 viribuS,
884 2146 1106 2209 decora
1142 2144 1344 2223 facie,
1402 2146 1506 2211 sed
1540 2147 1745 2212 multo
1776 2164 2077 2208 maxume

565 2259 826 2342 ingenio
857 2259 1136 2338 validus,
1176 2279 1303 2323 non
1333 2260 1395 2325 se
1428 2261 1621 2336 luxu,
1663 2279 1871 2344 neque
1901 2258 2074 2322 iner-

563 2375 694 2439 tiae
741 2373 1268 2454 corrumpendum
1316 2373 1540 2451 dedit3
1607 2374 1747 2448 sed,
1804 2372 1897 2437 vti
1938 2387 2076 2437 mos

563 2487 776 2567 gentis
807 2484 979 2546 illius
1011 2485 1140 2562 est,
1186 2487 1505 2571 equitare,
1545 2488 1836 2564 iaculari,
1892 2484 2074 2551 cursu

565 2618 711 2661 cum
754 2597 1126 2680 aequalibus
1169 2610 1450 2668 certaret
1518 2599 1586 2668 &
1626 2621 1822 2685 quum
1853 2615 2076 2664 omnes

469 2752 478 2758 -
563 2711 766 2795 gloria
796 2710 1088 2787 anteiret,
1130 2713 1423 2780 omnibus
1456 2723 1669 2778 tamen
1704 2735 1885 2781 carus
1915 2708 2075 2776 effez

565 2825 647 2888 ad
673 2824 792 2888 hoe
817 2825 1118 2908 pleraque
1141 2831 1427 2910 tempora
1452 2826 1517 2891 in
1544 2831 1831 2892 venando
1860 2843 2075 2910 agere,

563 2939 817 3004 leonem
858 2947 1048 3022 atque
1091 2939 1250 3004 alias
1292 2940 1456 3006 feras
1499 2942 1736 3025 primus
1761 2987 1781 3016 ‚
1844 2951 1964 3008 aut
2005 2942 2076 3006 in

567 3053 783 3137 primis
807 3049 1029 3118 ferire:
1083 3053 1422 3136 plui-iusum
1454 3053 1686 3131 facere,
1714 3032 2072 3120 minuruum

568 3165 696 3256 ipse
723 3167 802 3229 de
832 3165 892 3229 se
915 3165 1110 3250 loqui.
1155 3169 1405 3245 Quibus
1427 3169 1617 3234 rebus
1633 3169 1884 3254 Micipsa
1908 3167 2075 3232 eam-

568 3276 682 3344 etsi
730 3279 912 3344 initio
959 3281 1173 3348 laetus
1216 3282 1459 3358 fuerat,
1515 3283 1898 3350 existumans
1945 3279 2075 3345 vir-

569 3404 778 3459 tutem
814 3393 1158 3481 Iugurthae
1204 3413 1399 3481 regno
1442 3398 1549 3470 suo
1592 3397 1827 3484 gloriae
1881 3393 2019 3462 fore
2052 3416 2074 3462 t
