2309 3875
568 286 664 361 ‚68
873 276 946 345 C.
990 272 1130 341 CR.
1175 261 1719 340 SALLVSTII

269 480 489 539 caesares
504 478 558 521 m
577 466 706 521 tres
729 452 1104 519 familiarum
1131 444 1283 531 pati,
1322 460 1483 526 quae
1512 436 1845 503 victoribus
1876 435 2060 502 colli-‘

269 559 548 642 ‘⁰”⁶'.‘“‘⁰⁸
579 566 849 635 buiffent
877 586 898 627 ι
979 560 1125 623 fana
1176 568 1369 639 atque
1426 554 1638 617 domos
1691 549 2007 632 exspoliari
2034 569 2057 625 3

271 636 444 692 mm.
579 680 868 750 caedem,
921 668 1211 735 incendia
1248 666 1434 742 fieri3
1498 662 1794 749 postremo
1830 661 2061 734 armIS,

577 787 984 858 cadaueribus
1014 827 1033 859 ,
1119 799 1333 844 cruore
1382 787 1572 861 atque
1624 772 1817 849 luctu
1846 774 2057 835 omnia

573 898 889 988 compleri.
975 891 1116 967 Sed,
1139 910 1249 974 per
1272 890 1443 953 Deos
1472 885 1887 953 immortales!
1930 904 2059 967 quo

575 1017 684 1081 illa
711 1012 910 1077 oratio
941 1004 1246 1090 pertinuit
1267 1002 1303 1066 22
1389 1020 1467 1063 an
1484 1046 1503 1077 ,
1545 1002 1638 1065 vti
1667 1018 1776 1065 vos
1806 996 2063 1063 infestos

578 1121 1000 1195 coniurationi
1041 1117 1276 1181 faceret
1298 1113 1333 1177 ‘2
1450 1100 1681 1177 scilicet
1726 1130 1914 1195 quem
1958 1126 2061 1171 res

541 1223 555 1237 ’
576 1246 752 1337 ἴημα
781 1247 972 1319 atque
1001 1242 1129 1295 tam
1160 1236 1337 1291 atrox
1376 1244 1499 1287 non
1532 1225 1867 1307 per-mouit,
1910 1240 2061 1285 eum

579 1352 779 1417 oratio
807 1347 1120 1411 accendet.
1204 1340 1349 1405 Non
1377 1338 1465 1400 ita
1505 1336 1629 1403 est:
1685 1355 1891 1418 neque
1923 1334 2114 1397 cui-x

579 1484 768 1551 quam
805 1459 1166 1526 mortalium
1204 1452 1473 1517 iniuriae
1516 1447 1663 1511 suae
1700 1465 1927 1529 paruae
1966 1447 2065 1510 vi-

580 1579 850 1642 dentur}
895 1572 1080 1636 multi
1111 1586 1219 1631 eas
1246 1566 1503 1647 grauius
1534 1580 1735 1643 aequo
1762 1558 2060 1623 habuere.

577 1690 702 1755 Sed
745 1686 882 1748 aliis
920 1683 1040 1745 alia
1081 1677 1334 1742 licentia
1357 1720 1377 1751 ‚
1436 1677 1651 1739 Patres
1694 1669 2059 1753 conscripti,

579 1800 695 1885 qui
739 1790 969 1859 demiffi
1015 1791 1082 1853 iu
1127 1786 1379 1851 obscuro
1428 1787 1617 1850 vitam
1661 1783 1893 1849 habent
1918 1826 1940 1859 ,
2008 1781 2060 1845 fi

467 1926 476 1932 ·
579 1910 732 1998 quid
785 1902 1095 1972 iracundia
1145 1899 1464 1984 deliquere
1494 1945 1513 1975 ‚
1583 1898 1765 1982 pauci
1811 1897 2060 1978 sciunt;

579 2024 746 2088 fama
775 2030 960 2102 atque
986 2015 1241 2080 fortuna
1270 2029 1445 2095 pares
1472 2011 1650 2077 sunt:
1692 2013 1804 2094 qui
1832 2027 2081 2102 magno,

576 2135 836 2219 imperio
867 2124 1126 2215 praediti
1160 2123 1494 2188 imexcelso
1526 2134 1796 2189 aetatem
1833 2129 2056 2211 agunt,

580 2268 795 2314 eorum
837 2241 1002 2309 faeta
1041 2239 1252 2304 cuncti
1295 2240 1585 2303 mortales
1620 2255 1871 2302 nouere.
1956 2233 2055 2296 Ita

578 2363 648 2426 in
685 2372 973 2422 maxuma
1012 2353 1283 2426 fortuna,
1326 2353 1601 2416 minuma
1640 2350 1888 2414 licentia
1930 2347 2057 2423 est;

577 2490 788 2554 neque
816 2466 1095 2540 studere,
1135 2483 1339 2549 neque
1369 2461 1593 2536 odisse,
1632 2461 1737 2525 sed
1773 2461 2057 2524 minume

576 2582 753 2650 irasci
781 2561 988 2653 decet3'
1025 2595 1187 2661 quae
1218 2575 1386 2661 apud
1422 2577 1574 2639 alios
1610 2573 1923 2637 iracundia
1959 2571 2057 2638 di-

577 2697 773 2767 citur,
813 2693 880 2755 in
911 2691 1166 2774 imperio
1196 2688 1472 2774 superbia
1502 2697 1692 2769 atque
1722 2682 2057 2749 crudelitas

577 2807 951 2894 adpellatur.
1063 2801 1374 2885 Equidem
1424 2821 1540 2884 ego
1590 2797 1674 2863 fic
1726 2797 2001 2863 aestumo
2033 2837 2057 2870 ‚

575 2920 789 2987 Patres
817 2914 1157 2996 conscripti,
1179 2933 1394 2980 omnes
1422 2913 1732 2977 cruciatus
1762 2909 2055 2981 minores,

577 3051 782 3127 quam·
809 3030 1082 3094 facinora
1117 3028 1365 3090 illorum
1406 3021 1569 3100 effe3
1630 3022 1732 3086 sed
1770 3021 2054 3105 plerique

479 3194 485 3204 .
576 3144 869 3211 mortales
891 3141 1192 3225 postrema
1217 3137 1575 3213 meminere,
1602 3132 1670 3200 &
1694 3136 1761 3198 in
1784 3131 2053 3200 homini-

575 3257 699 3324 bus
739 3254 940 3338 impiis
983 3253 1235 3317 sceleris
1282 3249 1463 3315 obliti
1508 3249 1587 3312 de
1630 3265 1829 3334 poena
1868 3241 2053 3308 diffe-

495 3441 499 3446 ,
533 3457 536 3460 ⁴
572 3376 756 3446 runt,
797 3363 846 3430 fi
878 3384 952 3432 ea
990 3365 1198 3451 pauno
1241 3361 1513 3438 seuerior
1554 3362 1698 3433 fuit.
1780 3359 1861 3426 D.
1890 3355 2053 3424 Sila-
