2309 3875
611 292 700 403 3⁶
919 233 1788 363 c.cR.sA1,1.vsT11
1910 296 1915 303 ·

616 468 861 553 reliqua
917 468 1092 552 figna
1147 470 1215 533 in
1266 466 1531 534 subfidio
1587 468 1789 531 artius
1848 468 2132 540 collocat.

617 584 725 652 Ab
753 583 852 648 his
879 584 1291 648 centuriones
1318 600 1537 646 omnes
1562 580 1780 658 leetos,
1806 582 1873 649 δε
1902 599 2135 647 euoca-

619 707 760 769 tos,
802 706 1126 781 praeterea
1164 715 1242 759 ex
1275 695 1576 779 gregariis
1608 694 1913 760 militibus
1944 680 2134 779 optu'-

621 826 804 874 mum
839 810 1158 895 quemque
1194 822 1511 878 armatum,
1544 810 1609 872 in
1644 810 1909 893 primam
1936 810 2138 874 aciem

625 924 936 992 subducit.
1024 923 1094 988 C.
1125 923 1435 988 Manlium
1470 924 1537 987 in
1577 924 1873 1000 dextera,
1918 902 2141 989 Faesu-

627 1039 850 1105 lanum
902 1038 1243 1121 quemdam
1296 1038 1361 1101 in
1406 1035 1644 1101 finistra
1696 1045 1874 1120 parte
1924 1053 2143 1102 curare

629 1153 852 1219 iubet:
907 1150 1032 1236 ipse
1062 1170 1208 1216 cum
1238 1151 1480 1218 libertis
1519 1148 1589 1215 &
1620 1151 1863 1214 colonis
1895 1158 2147 1233 propter

637 1266 940 1349 Aquilam
983 1262 1249 1340 adfistit,
1306 1282 1496 1348 quam
1530 1263 1697 1328 bello
1729 1264 2041 1329 Cimbrico
2073 1261 2146 1329 C.

599 1422 603 1427 -
630 1378 866 1443 Marius
895 1379 961 1444 in
991 1380 1279 1445 exercitu
1306 1374 1587 1441 habuisse
1621 1378 1963 1442 dicebatur.
2054 1377 2148 1443 At

316 1518 464 1566 Acus
486 1518 591 1563 An·
631 1514 712 1557 ex
746 1492 947 1557 altera
981 1504 1158 1575 parte
1184 1493 1253 1556 C.
1275 1491 1614 1563 Antonium
1643 1490 1905 1575 pedibus
1935 1508 2146 1572 aeger,

315 1592 460 1638 ‘⁰⁸⁵³‘
632 1607 805 1691 quod
849 1588 1087 1687 praelio
1131 1603 1337 1667 adeffe
1379 1604 1719 1687 nequibat,
1778 1604 1863 1668 M.
1897 1603 2148 1669 Petreio

627 1720 838 1801 legato
885 1718 1231 1782 exercitum
1280 1717 1605 1797 permittit.
1707 1717 1828 1780 Ille
1859 1716 2147 1781 cohortes

564 1831 570 1846 ⁸
631 1838 996 1903 veteranas,
1039 1848 1199 1915 quas
1232 1828 1499 1894 tumulti
1538 1828 1740 1895 cauffa
1770 1830 2146 1915 conscripse-

629 1945 748 2019 rat,
792 1943 858 2005 in
885 1941 1094 2006 fronte
1115 1926 1150 2019 3¹
1180 1943 1310 2024 post
1338 1963 1447 2009 eas
1477 1953 1761 2012 ceterum
1798 1948 2146 2013 exercitum

630 2055 701 2118 in
740 2053 1022 2120 subfidiis
1068 2058 1257 2125 locat.
1345 2057 1485 2142 Ipse
1528 2079 1697 2145 equo
1742 2059 2145 2135 circumiens,

628 2189 1149 2254 vnumquemque
1193 2171 1524 2237 nominans
1564 2174 1875 2258 adpellat,
1930 2172 2140 2236 horta.

628 2297 756 2357 tur,
787 2294 990 2367 rogat,
1033 2286 1124 2349 vti
1153 2286 1578 2361 meminerint,
1621 2288 1926 2352 secontra
1949 2288 2146 2362 latro-

627 2415 744 2461 nes
790 2398 1098 2471 inex-mm,
1158 2417 1267 2484 pro
1302 2400 1538 2484 patria,
1596 2419 1708 2484 pro
1738 2400 1987 2476 liberiS,
2031 2419 2143 2484 pro

627 2511 755 2574 aris
784 2518 980 2593 atque
1007 2509 1166 2576 focis
1192 2511 1316 2575 suis
1346 2532 1630 2580 cernere.
1734 2515 1941 2580 Homo
1974 2515 2147 2576 mili-

625 2623 820 2696 taris,
873 2624 1043 2708 quod
1088 2625 1359 2706 amplius
1402 2643 1599 2689 annos
1638 2626 1900 2708 triginta
1938 2626 2143 2690 tribu-

551 2761 564 2770 ·
627 2758 774 2815 πως,
819 2747 934 2802 aut
963 2737 1337 2818 praesetius,
1367 2748 1478 2802 aut
1508 2738 1778 2820 legatus,
1821 2749 1935 2802 aut
1962 2759 2145 2824 prae-

615 2861 726 2918 tor
754 2871 900 2915 cum
934 2869 1165 2934 magna
1194 2854 1389 2934 gloria
1417 2851 1642 2926 fuerat,
1684 2851 2021 2938 plerosque
2046 2854 2146 2941 ip-

549 2953 554 2964 ’
627 2964 725 3032 sos
781 2962 1078 3047 faftaque
1137 2985 1357 3030 eorum
1416 2964 1606 3030 fortia
1666 2977 1978 3046 nouerat3
2064 2987 2143 3035 ea

628 3079 1179 3145 commemorando
1249 3079 1525 3146 militum
1600 3080 1849 3147 animos
1916 3097 2142 3146 accen-

632 3191 844 3257 debat.

309 3299 558 3345 ''mum’'
764 3305 914 3372 LX.
971 3304 1096 3372 Sed
1137 3306 1272 3379 vbi,
1318 3306 1503 3372 rebus
1537 3310 1826 3373 omnibus
1859 3309 2145 3390 explora-

303 3381 566 3428 ‚committi-

308 3453 416 3498 Μ,
631 3419 715 3483 tis
736 3463 757 3496 ‚
823 3419 1112 3496 Petreius
1162 3422 1315 3488 tuba
1357 3419 1603 3516 fignu‘m
1646 3424 1753 3490 dat
1764 3443 1785 3501 3
1858 3422 2145 3489 cohortes

652 3537 657 3552 ,
1350 3529 1357 3536 ·
1777 3542 1795 3584 X
2142 3537 2148 3544 .
