2309 3875
515 312 676 393 ⁵70
899 280 1743 371 o..cR.sALLvs‘r11
1864 252 1871 257 ’

285 486 574 563 φοι-πίσεα
595 464 884 532 facInoris
939 460 1263 529 conuiaos
1286 462 1327 529 2
1450 459 1559 527 sin
1612 462 1762 545 quia
1812 461 2023 525 leuius
2052 484 2079 538 ;

283 563 564 608 ceo-imatos

284 636 458 681 oracio.

596 580 710 666 qui
749 578 1046 643 conuenit
1083 577 1148 640 in
1184 576 1424 640 minore
1467 573 1714 656 negotio
1754 573 1961 657 legem
1996 574 2082 638 ti·-

597 710 766 757 mere
788 734 810 766 ,
863 705 1063 773 quum
1105 708 1244 751 eam
1290 688 1357 751 in
1398 689 1630 751 maiore
1674 688 2022 769 neglexeris
2044 687 2083 753 ‘3

595 807 689 871 At
719 801 883 864 enim
916 800 1056 885 quis
1081 799 1492 883 reprehendet
1518 844 1538 874 ,
1592 800 1757 882 quod
1792 800 1857 862 iu
1887 800 2085 885 parri..

597 906 1179 997 cidas'reipublicae
1218 913 1535 977 decretum
1572 914 1693 979 erit
1712 913 1747 977 2
1816 921 2089 994 tempus,

601 1027 760 1102 dies,
804 1026 1074 1100 fortuna,
1129 1024 1315 1087 cuius
1360 1025 1575 1089 lubido
1618 1024 1913 1109 gentibus
1951 1044 2089 1087 mo-

599 1141 876 1205 deratur.
989 1137 1126 1202 Illis
1174 1136 1394 1199 merito
1437 1139 1665 1201 accidit
1688 1182 1708 1212 ,
1778 1136 2085 1220 quidquid

597 1253 928 1316 euenerit:
1012 1260 1295 1316 ceterum
1330 1269 1458 1325 vos,
1492 1251 1703 1313 Patres
1735 1249 2086 1333 conscripti,

597 1364 752 1450 quid
779 1364 846 1428 in
875 1364 1028 1429 alios
1056 1362 1363 1435 statuatis,
1393 1350 1791 1426 confidera'te.
1856 1361 2086 1427 Omnia

594 1477 761 1543 mala
790 1478 1075 1562 exempla
1105 1496 1186 1539 ex
1216 1475 1393 1540 bonis
1427 1483 1564 1539 orta
1595 1472 1772 1540 suntx
1841 1475 1946 1569 sed
1980 1475 2084 1540 vbi

596 1591 928 1673 imperium
977 1588 1054 1651 ad
1107 1584 1404 1669 ignarum
1478 1594 1588 1652 aut
1632 1587 1839 1649 minus
1893 1588 2090 1651 bonos

595 1700 936 1790 peruenit3
1003 1715 1242 1761 nouum
1287 1697 1447 1761 illud
1507 1700 1952 1781 (exemplum)
2004 1702 2085 1765 ab

595 1811 804 1893 dignis
841 1809 910 1875 &
947 1808 1187 1872 idoneis
1226 1809 1307 1873 ad
1346 1809 1636 1893 indignos
1681 1810 1747 1877 ἀ
1788 1833 1909 1876 non
1946 1814 2085 1878 ido-

595 1943 752 1989 neos
791 1920 1186 1987 transfertur.
1284 1921 1773 2004 Lacedaemonii,
1818 1927 2085 1992 deuiffls

595 2033 1086 2101 Athenieufibus
1108 2080 1128 2111 ‚
1195 2035 1453 2118 triginta
1497 2038 1659 2101 viros
1700 2039 2037 2121 imposuere
2059 2081 2083 2112 ,

593 2149 704 2232 qui
753 2147 1199 2231 rempublicam
1254 2166 1473 2212 eorum
1527 2151 1882 2224 trastarent.
1994 2149 2083 2214 Hi

591 2261 1078 2345 primo'coepere
1113 2259 1455 2344 peffumum
1488 2283 1801 2347 quemque
1842 2261 1907 2328 &
1942 2274 2081 2328 om-

590 2373 776 2438 nibus
803 2372 1075 2436 inuisum
1107 2372 1535 2440 indemnatum
1565 2395 1821 2452 necare,
1864 2397 1941 2441 ea
1968 2396 2081 2460 po-

498 2505 508 2514 ’
587 2486 776 2569 puius
802 2482 1025 2550 laetari
1059 2481 1127 2548 ὅτ
1158 2487 1379 2550 merito
1412 2489 1614 2553 dicere
1642 2489 1801 2554 fieri.
1903 2489 2039 2553 Post
2057 2533 2081 2564 ,

515 2613 525 2622 ·
590 2595 696 2659 vbi
733 2595 1054 2679 paullatim
1100 2597 1349 2664 lieentia
1390 2601 1611 2675 creuit,
1664 2601 1843 2663 iuxta
1886 2600 2079 2663 bonos

591 2704 664 2772 δι
717 2706 914 2771 malos
969 2709 1313 2774 lubidinose
1368 2709 1721 2775 interficere
1749 2755 1770 2786 ,
1836 2722 2078 2776 ceteros

591 2825 770 2886 metu
807 2830 1059 2886 terrere.
1164 2820 1262 2885 Ita
1299 2822 1527 2888 ciuitas
1546 2869 1566 2898 ,
1620 2823 1922 2889 seruitute
1962 2845 2076 2909 op-

587 2931 804 3016 press'a,
847 2933 1072 3005 stultae
1109 2933 1388 3020 laetitiae
1426 2955 1647 3019 graues
1686 2956 1917 3019 poenas
1960 2937 2076 3003 de·

591 3045 707 3110 dit.
794 3043 1014 3111 N‘ostra
1051 3047 1369 3144 memoria,
1408 3045 1603 3112 vietor
1633 3047 1833 3124 Sulla,
1873 3070 2071 3134 quum

509 3138 515 3145 ¹
590 3155 1027 3241 Damafippum
1065 3156 1132 3222 δι
1166 3159 1321 3223 alios
1345 3157 1724 3240 huiusmodi,
1765 3165 1873 3247 qui
1910 3164 2072 3227 malo

589 3266 971 3352 reipublicae
1009 3281 1361 3347 creuerant,
1402 3273 1671 3357 iugulari
1698 3273 1884 3347 iuffit,
1926 3276 2073 3358 quis

588 3394 718 3444 non
748 3377 983 3454 fastum
1021 3384 1161 3449 eius
1192 3385 1487 3455 laudabat
1511 3388 1547 3456 2
1630 3388 1914 3456 homines
1938 3387 2073 3454 sce-
